<record><leader>00000cas a2200000 a 4500</leader><controlfield tag="001">20683898</controlfield><controlfield tag="008">891121d19881994maubr ne      0   a0eng c</controlfield><datafield ind1=" " ind2=" " tag="010"><subfield code="a">sn 90018157 </subfield></datafield><datafield ind1=" " ind2=" " tag="040"><subfield code="a">CSL</subfield><subfield code="b">eng</subfield><subfield code="c">CSL</subfield><subfield code="d">ELM</subfield><subfield code="d">HUL</subfield><subfield code="d">ELM</subfield><subfield code="d">HUL</subfield><subfield code="d">NSD</subfield><subfield code="d">HUL</subfield><subfield code="d">CNW</subfield><subfield code="d">OCLCQ</subfield><subfield code="d">OCLCF</subfield><subfield code="d">OCLCO</subfield><subfield code="d">OCL</subfield><subfield code="d">OCLCQ</subfield></datafield><datafield ind1=" " ind2=" " tag="012"><subfield code="i">9008</subfield><subfield code="j">0</subfield><subfield code="l">1</subfield></datafield><datafield ind1="0" ind2=" " tag="022"><subfield code="a">1053-413X</subfield><subfield code="l">1053-413X</subfield><subfield code="2">1</subfield></datafield><datafield ind1=" " ind2=" " tag="037"><subfield code="b">Central America Education Fund, 1151 Massachusetts Ave., Cambridge, MA 02138</subfield></datafield><datafield ind1="0" ind2=" " tag="041"><subfield code="a">eng</subfield><subfield code="a">spa</subfield></datafield><datafield ind1=" " ind2=" " tag="042"><subfield code="a">pcc</subfield><subfield code="a">nsdp</subfield></datafield><datafield ind1=" " ind2=" " tag="043"><subfield code="a">nc-----</subfield></datafield><datafield ind1=" " ind2="4" tag="050"><subfield code="a">F1421</subfield><subfield code="b">.C46</subfield></datafield><datafield ind1="1" ind2="0" tag="082"><subfield code="a">972</subfield><subfield code="2">12</subfield></datafield><datafield ind1=" " ind2="0" tag="222"><subfield code="a">Central America reporter</subfield></datafield><datafield ind1="0" ind2="0" tag="245"><subfield code="a">Central America reporter.</subfield></datafield><datafield ind1=" " ind2=" " tag="260"><subfield code="a">Cambridge, Mass. :</subfield><subfield code="b">Central America Education Fund</subfield></datafield><datafield ind1=" " ind2=" " tag="300"><subfield code="a">volumes :</subfield><subfield code="b">illustrations ;</subfield><subfield code="c">43 cm</subfield></datafield><datafield ind1=" " ind2=" " tag="310"><subfield code="a">Bimonthly,</subfield><subfield code="b">Mar./Apr. 1992-1994</subfield></datafield><datafield ind1=" " ind2=" " tag="321"><subfield code="a">Monthly,</subfield><subfield code="b">1988-Jan./Feb. 1992</subfield></datafield><datafield ind1=" " ind2=" " tag="336"><subfield code="a">text</subfield><subfield code="b">txt</subfield><subfield code="2">rdacontent</subfield></datafield><datafield ind1=" " ind2=" " tag="337"><subfield code="a">unmediated</subfield><subfield code="b">n</subfield><subfield code="2">rdamedia</subfield></datafield><datafield ind1=" " ind2=" " tag="338"><subfield code="a">volume</subfield><subfield code="b">nc</subfield><subfield code="2">rdacarrier</subfield></datafield><datafield ind1="0" ind2=" " tag="362"><subfield code="a">Sept. 1988-May/July 1994.</subfield></datafield><datafield ind1=" " ind2=" " tag="500"><subfield code="a">Title from caption.</subfield></datafield><datafield ind1=" " ind2=" " tag="546"><subfield code="a">Chiefly English, some Spanish.</subfield></datafield><datafield ind1=" " ind2="0" tag="651"><subfield code="a">Central America</subfield><subfield code="x">Politics and government</subfield><subfield code="y">1979-</subfield><subfield code="v">Newspapers.</subfield></datafield><datafield ind1=" " ind2="7" tag="650"><subfield code="a">Politics and government</subfield><subfield code="2">fast</subfield><subfield code="0">(OCoLC)fst01919741</subfield></datafield><datafield ind1=" " ind2="7" tag="651"><subfield code="a">Central America.</subfield><subfield code="2">fast</subfield><subfield code="0">(OCoLC)fst01244535</subfield></datafield><datafield ind1=" " ind2="7" tag="648"><subfield code="a">Since 1979</subfield><subfield code="2">fast</subfield></datafield><datafield ind1=" " ind2="7" tag="655"><subfield code="a">Newspapers.</subfield><subfield code="2">fast</subfield><subfield code="0">(OCoLC)fst01423814</subfield></datafield><datafield ind1="2" ind2=" " tag="710"><subfield code="a">Central American Solidarity Association (Cambridge, Mass.)</subfield></datafield><datafield ind1="2" ind2=" " tag="710"><subfield code="a">Central America Education Fund (Cambridge, Mass.)</subfield></datafield><datafield ind1=" " ind2=" " tag="752"><subfield code="a">United States</subfield><subfield code="b">Massachusetts</subfield><subfield code="c">Suffolk</subfield><subfield code="d">Cambridge.</subfield></datafield><datafield ind1="0" ind2="0" tag="780"><subfield code="t">Central America report (Cambridge, Mass.)</subfield><subfield code="w">(DLC)sn 90018156</subfield><subfield code="w">(OCoLC)20226134</subfield></datafield><datafield ind1="0" ind2="0" tag="785"><subfield code="t">Reporter on Latin America and the Caribbean</subfield><subfield code="w">(DLC)sn 95032899</subfield><subfield code="w">(OCoLC)31705666</subfield></datafield><datafield ind1=" " ind2=" " tag="850"><subfield code="a">MiU</subfield></datafield><datafield ind1="1" ind2=" " tag="029"><subfield code="a">AU@</subfield><subfield code="b">000025868288</subfield></datafield></record>